@article{cybenko89,
  author    = {George Cybenko},
  title     = {Approximation by superpositions of a sigmoidal function},
  journal   = {Math. Control. Signals Syst.},
  volume    = {2},
  pages     = {303--314},
  year      = {1989},
  url       = {https://doi.org/10.1007/BF02551274},
  doi       = {10.1007/BF02551274}
}
@misc{weierstrass,
author      = {Matt Young},
title       = {The Stone-Weierstrass theorem},
month       = {winter term},
year        = {2006},
publisher   = {Queen's University at Kingston}
}
@article{hilbert,
  author          = {Sidney A. Morris},
  title           = {Hilbert 13: are there any genuine continuous multivariate real-valued functions?},
  journal         = {Bulletin (New Series) of the American Mathematical Society},
  volume          = {58},
  number          = {1},
  month           = {January},
  year            = {2021},
  pages           = {107--118},
  url             = {https://doi.org/10.1090/bull/1698}
}
@book{func-anal,
  author         = {César R. de Oliveira},
  editor         = {IMPA},
  title          = {Introdução à análise funcional},
  publisher      = {IMPA},
  year           = {2012}
}
@book{key,
  author         = {Elon Lages Lima},
  editor         = {Edgard Bl\"{u}cher, Ltda.},
  title          = {Espaços métricos},
  publisher      = {Edgard Bl\"{u}cher, Ltda.},
  year           = {1977}
}
@article{lipmann,
  author={R. {Lippmann}},
  journal={IEEE ASSP Magazine},
  title={An introduction to computing with neural nets},
  year={1987},
  volume={4},
  number={2},
  pages={4-22},
  doi={10.1109/MASSP.1987.1165576}
}